<?xml version="1.0" encoding="UTF-8"?><collection xmlns="http://www.loc.gov/MARC21/slim"><record><leader>00496nam--2200181-i-4500</leader><controlfield tag="001">000010181</controlfield><controlfield tag="002">20161230</controlfield><controlfield tag="005">20170114233347</controlfield><controlfield tag="008">060222s1000------------r-----000-0-eng-d</controlfield><datafield ind1=" " ind2=" " tag="080"><subfield code="a">530.1</subfield></datafield><datafield ind1="1" ind2=" " tag="100"><subfield code="a">Beller, Joseph B</subfield></datafield><datafield ind1="1" ind2="0" tag="245"><subfield code="a">Bifurcation theory and nonlinear eigenvalue problems</subfield></datafield><datafield ind1=" " ind2=" " tag="260"><subfield code="a">New York</subfield><subfield code="b">W.A. Benjamin, Inc</subfield><subfield code="c">1969</subfield></datafield><datafield ind1=" " ind2=" " tag="300"><subfield code="a">XIV+434 p</subfield></datafield><datafield ind1=" " ind2=" " tag="490"><subfield code="a">Mathematics Lecture Note Series</subfield></datafield><datafield ind1=" " ind2=" " tag="700"><subfield code="a">Antman, Stuart</subfield></datafield><datafield ind1=" " ind2=" " tag="852"><subfield code="a">36657</subfield><subfield code="c">517.5</subfield></datafield><datafield ind1=" " ind2=" " tag="CAT"><subfield code="a">SYS</subfield><subfield code="c">20170114</subfield><subfield code="h">233347</subfield></datafield></record></collection>